 % Artigo escolhido para o estudo
@Article{BennettBojar2024,
  author  = {Alexander R. Bennett and Daniel Bojar},
  title   = {Syntactic sugars: crafting a regular expression framework for glycan structures},
  journal = {Bioinformatics Advances},
  year    = {2024},
  volume  = {4},
  number  = {1},
  pages   = {vbae059},
  doi     = {10.1093/bioadv/vbae059},
  url     = {https://academic.oup.com/bioinformaticsadvances/article/4/1/vbae059/7651345},
  note    = {Open Access. Disponível em: <\url{https://academic.oup.com/bioinformaticsadvances/article/4/1/vbae059/7651345}>. Acesso em: 9 out. 2025}
}

@Misc{GlycoMotif,
    author = {Nathan Edwards},
    title = {GlycoMotif},    
    month = Oct,
    year = {2023},
    note = {Out., 2023. Disponível em: <\url{https://glycomotif.glyomics.org/}>. Acesso em: 9 out, 2025},
}

@Misc{ScienceDirectGlycan,
    author =    {{Elsevier}},
    title =     {Glycan --- Tópicos de Imunologia e Microbiologia},
    year =      {2025},
    month =     Oct,
    note =      {Disponível em: <\url{https://www-sciencedirect-com.translate.goog/topics/immunology-and-microbiology/glycan?_x_tr_sl=en&_x_tr_tl=pt&_x_tr_hl=pt&_x_tr_pto=tc}>. Acesso em: 17 out. 2025},
}

@Misc{GlycoworkMotifRegex,
  author  = {{BojarLab}},
  title   = {glycowork: motif / regex — glycan regular expression search},
  year    = {2025},
  note    = {Disponível em: <\url{https://bojarlab.github.io/glycowork/motif.html#regex}>. Acesso em: 9 out. 2025},
}

@Book{MontielHernandez2021,
  author    = {José Luis Montiel Hernández and Héctor Manuel Mora Montes and Mauricio Alfredo Ondarza Beneitez and Luis Antonio Pérez-García},
  title     = {Importancia de los glicanos durante los procesos infecciosos},
  publisher = {Universidad Autónoma del Estado de Morelos},
  year      = {2021},
  address   = {México},
  edition   = {1th},
  isbn      = {978-607-8784-30-1},
  series    = {La glicobiología: avances en temas de salud prioritarios},
  note      = {Obra publicada con el apoyo del CONACyT, Red temática Glicociencia en Salud-CONACyT. Licencia Creative Commons Atribución-NoComercial-CompartirIgual 4.0 Internacional.}
}

@Book{Bedregal2010,
  author    = {Benjamín René Callejas Bedregal and Benedito Melo Aci{\'o}ly and Aar{\~a}o Lyra},
  title     = {Introdução à teoria das Linguagens Formais, dos Autômatos e da Computabilidade},
  publisher = {EDUnP / FAPERN},
  year      = {2010},
  edition   = {1ª edição},
  address   = {Natal, RN},
  isbn      = {978-85-61140-28-1},
  pages     = {305},
  note      = {Obra publicada pela EDUnP com apoio da FAPERN.}
}